# from the Internet

@ARTICLE{KOPSW2019CCTK,
   Title     = {Compact complement topologies and k-spaces},
   Volume    = {33},
   ISSN      = {2406-0933},
   Url       = {http://dx.doi.org/10.2298/FIL1907061K},
   DOI       = {10.2298/fil1907061k},
   Number    = {7},
   Journal   = {Filomat},
   Publisher = {National Library of Serbia},
   Author    = {Keremedis, K. and Özel, C. and Piękosz, A. and Al, Shumrani and Wajch, E.},
   Year      = {2019},
   Pages     = {2061–2071}
}

@INPROCEEDINGS{Rezk0000K,
  Title  = {K-spaces},
  Author = {Charles Rezk},
  Url    = {https://faculty.math.illinois.edu/~rezk/527-spr15/k-spaces.pdf}
}

@INPROCEEDINGS{Rezk2017CGS,
  Title  = {Compactly Generated Spaces},
  Author = {Charles Rezk},
  Year   = {2017},
  Url    = {https://faculty.math.illinois.edu/~rezk/cg-spaces-better.pdf}
}

@ARTICLE{Strickland2009CGWH,
    Title   = {The category of CGWH spaces},
    Author  = {Strickland, Neil P},
    Journal = {preprint},
    Volume  = {12},
    Pages   = {90},
    Year    = {2009}
}

