@Article{AHStone1948,
 Author = {A. H. {Stone}},
 Title = {{Paracompactness and product spaces}},
 FJournal = {{Bulletin of the American Mathematical Society}},
 Journal = {{Bull. Am. Math. Soc.}},
 ISSN = {0002-9904},
 Volume = {54},
 Pages = {977--982},
 Year = {1948},
 Publisher = {American Mathematical Society (AMS), Providence, RI},
 Language = {English},
 DOI = {10.1090/S0002-9904-1948-09118-2},
 Zbl = {0032.31403}
}

@Misc{Dugundji1966T,
    Author       = {James {Dugundji}},
    Title        = {{Topology}},
    Year         = {1966},
    Language     = {English},
    HowPublished = {{Series in Advanced Mathematics. Boston: Allyn and Bacon, Inc. XVI, 447 p. (1966).}},
    MSC2010      = {54-01},
    Zbl          = {0144.21501}
}

@Book{Engelking1989GT,
    Author    = {Ryszard {Engelking}},
    Title     = {{General topology. Rev. and compl. ed}},
    FJournal  = {{Sigma Series in Pure Mathematics}},
    Journal   = {{Sigma Ser. Pure Math.}},
    Volume    = {6},
    Edition   = {Rev. and compl. ed.},
    ISBN      = {3-88538-006-4},
    Pages     = {viii + 529},
    Year      = {1989},
    Publisher = {Berlin: Heldermann Verlag},
    Language  = {English},
    MSC2010   = {54-01},
    Zbl       = {0684.54001}
}

@Book{Engelking1995TD,
    Author    = {Ryszard {Engelking}},
    Title     = {{Theory of dimensions, finite and infinite}},
    FJournal  = {{Sigma Series in Pure Mathematics}},
    Journal   = {{Sigma Ser. Pure Math.}},
    Volume    = {10},
    ISBN      = {3-88538-010-2},
    Pages     = {viii + 401},
    Year      = {1995},
    Publisher = {Lemgo: Heldermann},
    Language  = {English},
    MSC2010   = {54-02 54F45 55M10},
    Zbl       = {0872.54002}
}

@Article{FIshikawa1955,
 Author = {Fumie {Ishikawa}},
 Title = {{On countably paracompact spaces}},
 FJournal = {{Proceedings of the Japan Academy}},
 Journal = {{Proc. Japan Acad.}},
 ISSN = {0021-4280},
 Volume = {31},
 Pages = {686--687},
 Year = {1955},
 Publisher = {Academy of Japan, Tokyo},
 Language = {English},
 DOI = {10.3792/pja/1195525547},
 Zbl = {0066.41001}
}

@Book{HartNagataVaughan2004EGT,
    Editor    = {Klaas Pieter {Hart} and Jun-iti {Nagata} and Jerry E. {Vaughan}},
    Title     = {{Encyclopedia of general topology}},
    ISBN      = {0-444-50355-2/hbk},
    Pages     = {x + 526},
    Year      = {2004},
    Publisher = {Amsterdam: Elsevier},
    Language  = {English},
    MSC2010   = {54-00},
    Zbl       = {1059.54001}
}
