@Book{Morita1981ja,
    Author    = {{森田}, 紀一},
    Title     = {位相空間論},
    ISBN      = {978-4-00-730649-5},
    Pages     = {vii + 273},
    Year      = {1981},
    Publisher = {岩波書店},
}

@Book{KodamaNagami1974ja,
    Author    = {{児玉}, 之宏 and {永見}, 啓応},
    Title     = {位相空間論},
    ISBN      = {4-00-005034-6},
    Pages     = {vii + 421},
    Year      = {xiv + 1974},
    Publisher = {岩波書店},
}
